% 参照のキーに"_"は含んではいけない

@ARTICLE{Gade1989I,
title = {Investigations of Musicians' Room Acoustic Conditions in Concert Halls. Part I: Methods and Laboratory Experiments},
journal = {Acta Acustica united with Acustica},
parent_itemid = {infobike://dav/aaua},
publishercode ={dav},
year = {1989},
volume = {69},
number = {5},
date ="1989-11-01T00:00:00",
pages = {193-203},
itemtype = {ARTICLE},
issn = {1610-1928},
url = {https://www.ingentaconnect.com/content/dav/aaua/1989/00000069/00000005/art00003},
author = {Gade, A. C.}
}

@article {Gade1989II,
title = "Investigations of Musicians' Room Acoustic Conditions in Concert Halls. II: Field Experiments and Synthesis of Results",
journal = "Acta Acustica united with Acustica",
parent_itemid = "infobike://dav/aaua",
publishercode ="dav",
year = "1989",
volume = "69",
number = "6",
date ="1989-12-01T00:00:00",
pages = "249-262",
itemtype = "ARTICLE",
issn = "1610-1928",
url = "https://www.ingentaconnect.com/content/dav/aaua/1989/00000069/00000006/art00003",
author = "Gade, A.C."
}



@book{ISO3382-1,
  author = "{ISO 3382-1:2009}",
  title = "{Acoustics — Measurement of room acoustic parameters —
                   Part 1: Performance spaces}",
}

@article{中村1993,
author="中村俊一",
title="演奏者の感じる室の響きの方向性について",
journal="音響学会建築音響研資",
year="1993",
pages="AA 93-18",
URL="https://cir.nii.ac.jp/crid/1570572701420624000"
}

@article{marshall1985directivity,
  title={The directivity and auditory impressions of singers},
  author={Marshall, AH and Meyer, J},
  journal={Acta Acustica united with Acustica},
  volume={58},
  number={3},
  pages={130--140},
  year={1985},
  publisher={S. Hirzel Verlag}
}


@article{barron2006,
  title={STAGE ACOUSTICS IN CONCERT HALLS – EARLY INVESTIGATIONS},
  author={Marshall, AH and Meyer, J},
  journal={Acta Acustica united with Acustica},
  volume={58},
  number={3},
  pages={130--140},
  year={1985},
  publisher={S. Hirzel Verlag}
}

@article{清水寧2023,
  title={室内音響の歴史と変遷},
  author={清水 寧},
  journal={日本音響学会誌},
  volume={79},
  number={4},
  pages={224-231},
  year={2023},
  doi={10.20697/jasj.79.4_224}
}

@article{sabine2005,
    author = {Sabine, Paul E.},
    title = {The Beginnings of Architectural Acoustics},
    journal = {The Journal of the Acoustical Society of America},
    volume = {7},
    number = {4},
    pages = {242-248},
    year = {2005},
    month = {06},
    issn = {0001-4966},
    doi = {10.1121/1.1915836},
    url = {https://doi.org/10.1121/1.1915836},
    eprint = {https://pubs.aip.org/asa/jasa/article-pdf/7/4/242/11729435/242\_1\_online.pdf},
}


@article{上田2008,
author="上田, 麻理 and 小寺, 優貴 and 藤本, 一寿",
title="40138 演奏しやすいステージ音場に関する基礎的検討(音場評価,環境工学I)",
journal="学術講演梗概集. D-1, 環境工学I, 室内音響・音環境, 騒音・固体音, 環境振動, 光・色, 給排水・水環境, 都市設備・環境管理, 環境心理生理, 環境設計, 電磁環境",
ISSN="13414496",
publisher="日本建築学会",
year="2008",
month="07",
number="2008",
pages="307-308",
URL="https://cir.nii.ac.jp/crid/1573387452393552768"
}

@article{林2008,
author="林, 光一郎 and 上田, 麻理 and 藤本, 一寿",
title="422 演奏者によるステージ音場の評価実験と演奏しやすい位置に関するアンケート(環境工学)",
journal="日本建築学会研究報告. 九州支部. 2, 環境系",
publisher="日本建築学会",
year="2008",
month="03",
number="47",
pages="85-88",
URL="https://cir.nii.ac.jp/crid/1573387452118668800"
}


@article{TONKINSON199424,
title = {The Lombard effect in choral singing},
journal = {Journal of Voice},
volume = {8},
number = {1},
pages = {24-29},
year = {1994},
issn = {0892-1997},
doi = {https://doi.org/10.1016/S0892-1997(05)80316-9},
url = {https://www.sciencedirect.com/science/article/pii/S0892199705803169},
author = {Steven Tonkinson},
keywords = {Lombard effect, Vocal intensity, Choral singing, Auditory feedback},
abstract = {Summary
Selected vocal-intensity response-level readings of singers' ability to resist the Lombard effect in choral singing before and after verbal instructions were compared. Twenty-seven adults sang The Star Spangled Banner along with a choir heard through headphones. After instructions to resist increasing vocal intensity as the choir increased, each subject sang again. The performances were recorded, and vocal-intensity readings from selected places in the song were obtained from a graphic-level recorder. A 3 × 3 × 2 multiple analysis of variance procedure was performed on the scores; the main factors tested were experience level, pretest-posttest differences, and places in the song. No significant difference (0.05 level) for levels of experience was observed, but the effect of the instructions was significant (p < 0.05), suggesting that choral singers can learn to resist the Lombard effect and consciously regulate their vocal intensity to some extent in the face of masking sound.}
}

@misc{afcEnhance納入実績,
  title = {ヤマハ株式会社 音場支援システム 納入実績},
  howpublished = {\url{https://jp.yamaha.com/products/proaudio/afc/case_studies.html}},
  note = {(Accessed on 07/01/2024)}
}

@misc{AFCの概要,
  title = {ヤマハ株式会社 音場支援システムについて},
  howpublished = {\url{https://jp.yamaha.com/products/proaudio/afc/index.html#product-tabs}},
  note = {(Accessed on 02/22/2024)}
}

@misc{AFCEnhance,
  title = {ヤマハ株式会社 AFC Enhanceについて},
  howpublished = {\url{https://jp.yamaha.com/products/proaudio/afc/afc_enhance.html#product-tabs}},
  note = {(Accessed on 02/22/2024)}
}

@article{清水1996EMR,
author="清水寧 and 佐原伸一 and 川上福司",
title="音場支援の制御性拡大を目的とした時変性手法の検討 -時変性FIRフィルターと空間平均化伝送システムによる安定化-",
journal="日本音響学会研究発表会講演論文集",
ISSN="13403168",
year="1996",
month="09",
volume="1996",
number="2",
pages="829-830",
URL="https://cir.nii.ac.jp/crid/1572261548974797952"
}

@article{BosCシステム,
author="Omoto, Akira and Ise, Shiro and Ikeda, Yusuke and Ueno, Kanako and Enomoto, Seigo and Kobayashi, Maori",
title="Sound field reproduction and sharing system based on the boundary surface control principle",
journal="Acoustical Science and Technology",
ISSN="13463969",
publisher="一般社団法人 日本音響学会",
year="2015",
volume="36",
number="1",
pages="1-11",
DOI="10.1250/ast.36.1",
URL="https://cir.nii.ac.jp/crid/1390001205090599424"
}

@online{musikverein,
    author = {© Wolf-Dieter Grabner},
    title = {ウィーン楽友協会大ホール 写真},
    url = {https://www.musikverein.at},
    year = {2024年2月参照},
    note = {ウィーン楽友協会公式ウェブサイトより},
}

@online{concertgebouw,
    author = {© Amsterdam Municipal Department for the Preservation and Restoration of Historic Buildings and Sites (bMA)},
    title = {アムステルダム コンセルトヘボウ大ホール 写真},
    url = {https://commons.wikimedia.org/w/index.php?curid=3883283},
    year = {2024年2月参照},
    note = {wikipeidiaより},
}

@online{bostonSymphony,
    author = {ボストンシンフォニーホール 公式ウェブサイト},
    title = {ボストンシンフォニーホール 写真},
    url = {https://www.bso.org/symphony-hall/about/history},
    year = {2024年2月参照},
    note = {ボストンシンフォニーホール公式ウェブサイトより},
}
  
@phdthesis{Ueno2002,
    author = {上野 佳奈子},
    title = {ホール音場に対する演奏家の評価に関する研究},
    school = {東京大学大学院},
    year = {2002},
    note = {第3章 ステージ上の音響特性 第3節 音響特性の定量化 より}
}

@article{suga1986,
author="管真一郎",
title="演奏家によるホールステージの音響評価-国内オーケストラの海外及び地方公演における調査",
journal="音響学会建築音響研資",
year="1986",
pages="AA86-23",
URL="https://cir.nii.ac.jp/crid/1573387449368689664"
}

@article{suga1995,
  title={オーケストラ演奏家の評価に基づくホール舞台の主要な音響設計条件 : ホール舞台の音響設計に関する研究 その1},
  author={菅眞一郎 and 高久勝彦},
  journal={日本建築学会計画系論文集},
  volume={60},
  number={471},
  pages={1-9},
  year={1995},
  doi={10.3130/aija.60.1_5}
}

@article{Ueno2003a,
  title={ホール音場における演奏家の意識 : 言語構造に着目した実験的検討},
  author={上野佳奈子 and 橘秀樹},
  journal={日本音響学会誌},
  volume={59},
  number={9},
  pages={519-529},
  year={2003},
  doi={10.20697/jasj.59.9_519}
}

@article{Ueno2003b,
  title={個別尺度法による演奏家のステージ音場評価の分析},
  author={上野佳奈子 and 橘秀樹 and 小島隆矢},
  journal={日本音響学会誌},
  volume={59},
  number={10},
  pages={591-602},
  year={2003},
  doi={10.20697/jasj.59.10_591}
}

@article{西村竜一2014,
  title={5.アンビソニックス},
  author={西村 竜一},
  journal={映像情報メディア学会誌},
  volume={68},
  number={8},
  pages={616-620},
  year={2014},
  doi={10.3169/itej.68.616}
}

@article{橘1997,
  title={ステージ音響 (小特集--室内音響設計の現状と課題--)},
  author={橘 秀樹},
  journal={日本音響学会誌},
  volume={53},
  number={4},
  pages={306-310},
  year={1997},
  doi={10.20697/jasj.53.4_306}
}

@article{橘1993,
  title={室内音響測定の現状と今後の課題 (小特集--室内音響測定のための最新技術 : 高品質の音響設計をめざして--)},
  author={橘秀樹},
  journal={日本音響学会誌},
  volume={49},
  number={2},
  pages={97-102},
  year={1993},
  doi={10.20697/jasj.49.2_97}
}

@article{森本1997,
  title={室内音響心理評価のための物理指標 (小特集--室内音響設計の現状と課題--)},
  author={森本政之},
  journal={日本音響学会誌},
  volume={53},
  number={4},
  pages={316-319},
  year={1997},
  doi={10.20697/jasj.53.4_316}
}

@article{marshall1978,
  author = {Marshall, A. H. and Gottlob, D. and Alrutz, H.},
  title = {Acoustical conditions preferred for ensemble},
  journal = {The Journal of the Acoustical Society of America},
  volume = {64},
  number = {5},
  pages = {1437-1442},
  year = {1978},
  month = {11},
  issn = {0001-4966},
  doi = {10.1121/1.382121},
  url = {https://doi.org/10.1121/1.382121},
  eprint = {https://pubs.aip.org/asa/jasa/article-pdf/64/5/1437/12004293/1437\_1\_online.pdf},
}

@article{naylor1988,
  title={Modulation transfer and ensemble music performance},
  author={Naylor, GM},
  journal={Acta Acustica united with Acustica},
  volume={65},
  number={3},
  pages={127--137},
  year={1988},
  publisher={S. Hirzel Verlag}
}

@article{nakayama1984,
  title={Preferred time delay of a single reflection for performers},
  author={Nakayama, I},
  journal={Acta Acustica united with Acustica},
  volume={54},
  number={4},
  pages={217--221},
  year={1984},
  publisher={S. Hirzel Verlag}
}

@article{chiang2003,
  title={Subjective assessment of stage acoustics for solo and chamber music performances},
  author={Chiang, Weihwa and Chen, Shih-tang and Huang, Ching-tsung},
  journal={Acta Acustica united with Acustica},
  volume={89},
  number={5},
  pages={848--856},
  year={2003},
  publisher={S. Hirzel Verlag}
}

@article{jeon2005,
  title={Evaluation of stage acoustics in Seoul Arts Center Concert Hall by measuring stage support},
  author={Jeon, Jin Yong and Barron, Michael},
  journal={The Journal of the Acoustical Society of America},
  volume={117},
  number={1},
  pages={232--239},
  year={2005},
  publisher={Acoustical Society of America}
}

@inproceedings{dammerud2007,
  title={Early subjective and objective studies of concert hall stage conditions for orchestral performance},
  author={Dammerud, Jens J{\o}rgen and Barron, Michael},
  booktitle={19th international congress on acoustics Madrid},
  volume={2},
  number={7},
  year={2007}
}

@article{giovannini2010,
title = {The acoustical characterization of orchestra platforms and uncertainty estimation of the results},
journal = {Applied Acoustics},
volume = {71},
number = {10},
pages = {889-901},
year = {2010},
issn = {0003-682X},
doi = {https://doi.org/10.1016/j.apacoust.2010.05.020},
url = {https://www.sciencedirect.com/science/article/pii/S0003682X10001271},
author = {Maria Giovannini and Arianna Astolfi},
keywords = {Acoustical measurements, Stage, Musicians, Uncertainty},
}